% This file was created with JabRef 2.9.2.
% Encoding: Cp1252

@ARTICLE{AlexanderI.J.Forrester2009,
  author = {A. Forrester, A. Keane},
  title = {Recent advances in surrogate-based optimization},
  journal = {Progress in Aerospace Sciences},
  year = {2009},
  volume = {45},
  pages = {50-79},
  owner = {miskinh},
  timestamp = {2014.03.21}
}

@ARTICLE{Al-Sabban,
  author = {Al-Sabban, Wesam H and Gonzalez, Luis F and Smith, Ryan N},
  title = {Wind-Energy based Path Planning For Unmanned Aerial Vehicles Using
	Markov Decision Processes},
  journal = {Journal},
  year = {0},
  __markedentry = {[miskinh:6]},
  owner = {miskinh},
  timestamp = {2013.12.04}
}

@ARTICLE{Amelink2005,
  author = {Amelink, Matthijs HJ and Mulder, Max and Van Paassen, MM and Flach,
	John},
  title = {Theoretical foundations for a total energy-based perspective flight-path
	display},
  journal = {The International Journal of Aviation Psychology},
  year = {2005},
  volume = {15},
  pages = {205--231},
  number = {3},
  owner = {miskinh},
  publisher = {Taylor \& Francis},
  timestamp = {2013.12.04},
  url = {http://www.tandfonline.com/doi/abs/10.1207/s15327108ijap1503_1}
}

@BOOK{Asselin1997,
  title = {Introduction to Aircraft Performance},
  publisher = {American Institute of Aeronautics and Astronautics},
  year = {1997},
  editor = {VA Reston},
  author = {Mario Asselin},
  owner = {miskinh},
  timestamp = {2014.03.21}
}

@BOOK{Bigg1976,
  title = {Graph Theory: 1736-1936},
  publisher = {Oxford University Press},
  year = {1976},
  author = {Bigg, Norman L and Lloyd, Edward Keith and Wilson, Robin James},
  owner = {miskinh},
  timestamp = {2013.12.03}
}

@TECHREPORT{Blyenburgh2000,
  author = {van Blyenburgh, Peter},
  title = {Uavs-current situation and considerations for the way forward},
  institution = {DTIC Document},
  year = {2000},
  owner = {miskinh},
  timestamp = {2013.12.03},
  url = {http://oai.dtic.mil/oai/oai?verb=getRecord&amp;metadataPrefix=html&amp;identifier=ADP010752}
}

@BOOK{Boissonnat1993,
  title = {Shortest paths of bounded curvature in the plane},
  publisher = {Springer},
  year = {1993},
  author = {Boissonnat, Jean-Daniel and C{\'e}r{\'e}zo, Andr{\'e} and Leblond,
	Juliette},
  owner = {miskinh},
  timestamp = {2013.12.03}
}

@PHDTHESIS{Bonin2011,
  author = {Bonin, Timothy Andrew},
  title = {Development and Initial Applications of the SMARTSonde for Meteorological
	Research},
  school = {University of Oklahoma},
  year = {2011},
  owner = {miskinh},
  timestamp = {2013.12.03}
}

@INPROCEEDINGS{Chakrabarty2009,
  author = {Chakrabarty, Anjan and Langelaan, Jack W},
  title = {Energy maps for long-range path planning for small-and micro-uavs},
  booktitle = {AIAA Guidance, Navigation and Control Conference, AIAA Paper},
  year = {2009},
  volume = {6113},
  owner = {miskinh},
  timestamp = {2013.12.03},
  url = {http://arc.aiaa.org/doi/pdf/10.2514/6.2009-6113}
}

@INPROCEEDINGS{Cheng2000,
  author = {Cheng, Jian and Druzdzel, Marek J},
  title = {Latin hypercube sampling in Bayesian networks.},
  booktitle = {FLAIRS Conference},
  year = {2000},
  pages = {287--292},
  owner = {miskinh},
  timestamp = {2013.12.03},
  url = {http://www.aaai.org/Papers/FLAIRS/2000/FLAIRS00-054.pdf}
}

@INPROCEEDINGS{Chitsaz2007,
  author = {Chitsaz, Hamidreza and LaValle, Steven M},
  title = {Time-optimal paths for a Dubins airplane},
  booktitle = {Decision and Control, 2007 46th IEEE Conference on},
  year = {2007},
  pages = {2379--2384},
  organization = {IEEE},
  owner = {miskinh},
  timestamp = {2013.12.03},
  url = {http://ieeexplore.ieee.org/xpls/abs_all.jsp?arnumber=4434966}
}

@ARTICLE{DeBerg2010,
  author = {De Berg, Mark and Van Nijnatten, Fred and Sitters, Ren{\'e} and Woeginger,
	Gerhard J and Wolff, Alexander},
  title = {The traveling salesman problem under squared Euclidean distances},
  journal = {arXiv preprint arXiv:1001.0236},
  year = {2010},
  __markedentry = {[miskinh:]},
  owner = {miskinh},
  timestamp = {2013.12.04},
  url = {http://arxiv.org/abs/1001.0236}
}

@ARTICLE{Dubins1957,
  author = {Dubins, Lester E},
  title = {On curves of minimal length with a constraint on average curvature,
	and with prescribed initial and terminal positions and tangents},
  journal = {American Journal of mathematics},
  year = {1957},
  volume = {79},
  pages = {497--516},
  number = {3},
  owner = {miskinh},
  publisher = {JSTOR},
  timestamp = {2013.12.03},
  url = {http://www.jstor.org/stable/10.2307/2372560}
}

@BOOK{Forrester2008,
  title = {Engineering design via surrogate modelling: a practical guide},
  publisher = {John Wiley \& Sons},
  year = {2008},
  author = {Forrester, Alexander and S{\'o}bester, Andr{\'a}s and Keane, Andy},
  owner = {miskinh},
  timestamp = {2013.12.03}
}

@MISC{NatGeo,
  author = {National Geographic},
  title = {Encyclopedic Entry - Atmosphere},
  howpublished = {\url{http://education.nationalgeographic.co.uk/education/encyclopedia/atmosphere/}},
  year = {2013},
  owner = {miskinh},
  timestamp = {2013.12.05}
}

@ELECTRONIC{Giese2012,
  author = {Giese, A},
  month = {10},
  year = {2012},
  title = {A Comprehensive, Step-by-Step Tutorial on Computing Dubin’s Curves},
  language = {English},
  url = {http://gieseanw.files.wordpress.com/2012/10/dubins.pdf},
  owner = {miskinh},
  timestamp = {2014.03.24}
}

@ARTICLE{Held1984,
  author = {Held, Michael and Hoffman, Alan J. and Johnson, Ellis Lane and Wolfe,
	Philip},
  title = {Aspects of the traveling salesman problem},
  journal = {IBM journal of Research and Development},
  year = {1984},
  volume = {28},
  pages = {476--486},
  number = {4},
  owner = {miskinh},
  publisher = {IBM},
  timestamp = {2013.12.03},
  url = {http://ieeexplore.ieee.org/xpls/abs_all.jsp?arnumber=5390356}
}

@MISC{FasDod,
  author = {Defense Department Intelligence and Security Doctrine, Directives
	and Instructions},
  title = {UAV Class Categories},
  howpublished = {\url{http://www.fas.org/irp/doddir/dod/jp3-55_1/3-55_1c1.htm}},
  month = {12},
  year = {1996},
  owner = {miskinh},
  timestamp = {2013.12.05}
}

@INPROCEEDINGS{Langelaan2007,
  author = {Langelaan, Jack W},
  title = {Long distance/duration trajectory optimization for small uavs},
  booktitle = {AIAA Guidance, Navigation and Controls Conference},
  year = {2007},
  owner = {miskinh},
  timestamp = {2013.12.04},
  url = {http://arc.aiaa.org/doi/pdf/10.2514/6.2007-6737}
}

@PHDTHESIS{LeNy2008,
  author = {Le Ny, Jerome},
  title = {Performance optimization for unmanned vehicle systems},
  school = {Massachusetts Institute of Technology},
  year = {2008},
  owner = {miskinh},
  timestamp = {2013.12.03}
}

@ARTICLE{M.Price2006,
  author = {M. Price, S. Raghunathan, and R. Curran},
  title = {An integratedsystems engineering approach to aircraft design},
  journal = {Progress inAerospace Sciences},
  year = {2006},
  volume = {42},
  pages = {331-376},
  editor = {Professor M.F. Platzer, Professor B.E. Richards},
  owner = {miskinh},
  publisher = {Progress inAerospace Sciences},
  timestamp = {2014.03.21}
}

@INPROCEEDINGS{McGee2005,
  author = {McGee, Timothy G and Spry, Stephen and Hedrick, J Karl},
  title = {Optimal path planning in a constant wind with a bounded turning rate},
  booktitle = {AIAA Guidance, Navigation, and Control Conference and Exhibit},
  year = {2005},
  pages = {1--11},
  owner = {miskinh},
  timestamp = {2013.12.03},
  url = {http://arc.aiaa.org/doi/pdf/10.2514/6.2005-6186}
}

@ARTICLE{McKay2000,
  author = {McKay, MD and Beckman, RJ and Conover, WJ},
  title = {A comparison of three methods for selecting values of input variables
	in the analysis of output from a computer code},
  journal = {Technometrics},
  year = {2000},
  volume = {42},
  pages = {55--61},
  number = {1},
  owner = {miskinh},
  publisher = {Taylor \& Francis Group},
  timestamp = {2013.12.03},
  url = {http://amstat.tandfonline.com/doi/abs/10.1080/00401706.2000.10485979}
}

@ARTICLE{McNeely2007,
  author = {McNeely, Rachelle L and Iyer, Ram V and Chandler, Phillip R},
  title = {Tour planning for an unmanned air vehicle under wind conditions},
  journal = {Journal of guidance, control, and dynamics},
  year = {2007},
  volume = {30},
  pages = {1299--1306},
  number = {5},
  owner = {miskinh},
  timestamp = {2013.12.03},
  url = {http://arc.aiaa.org/doi/pdf/10.2514/1.26055}
}

@ARTICLE{Pepper2012,
  author = {Pepper, Tom},
  title = {Drones--ethical considerations and medical implications.},
  journal = {Journal of the Royal Naval Medical Service},
  year = {2012},
  volume = {98},
  pages = {37},
  number = {1},
  owner = {miskinh},
  timestamp = {2013.12.04},
  url = {http://www.ncbi.nlm.nih.gov/pubmed/22558742}
}

@BOOK{Raymer2006,
  title = {Aircraft Design: Aconceptual Approach Fourth Edition},
  publisher = {American Institute of Aeronautics and Astronautics},
  year = {2006},
  editor = {Joseph A. Schetz,},
  author = {Daniel P. Raymer},
  owner = {miskinh},
  timestamp = {2014.03.21}
}

@INPROCEEDINGS{Sarris2001,
  author = {Sarris, Zak and ATLAS, STN},
  title = {Survey of UAV applications in civil markets (June 2001)},
  booktitle = {The 9 th IEEE Mediterranean Conference on Control and Automation
	(MED'01)},
  year = {2001},
  owner = {miskinh},
  timestamp = {2013.12.03}
}

@INPROCEEDINGS{Savla2005,
  author = {Savla, Ketan and Bullo, Francesco and Frazzoli, Emilio},
  title = {On traveling salesperson problems for Dubins’ vehicle: stochastic
	and dynamic environments},
  booktitle = {Decision and Control, 2005 and 2005 European Control Conference.
	CDC-ECC'05. 44th IEEE Conference on},
  year = {2005},
  pages = {4530--4535},
  organization = {IEEE},
  owner = {miskinh},
  timestamp = {2013.12.03},
  url = {http://ieeexplore.ieee.org/xpls/abs_all.jsp?arnumber=1582876}
}

@INPROCEEDINGS{Savla2005a,
  author = {Savla, Ketan and Frazzoli, Emilio and Bullo, Francesco},
  title = {On the point-to-point and traveling salesperson problems for Dubins'
	vehicle},
  booktitle = {American Control Conference, 2005. Proceedings of the 2005},
  year = {2005},
  pages = {786--791},
  organization = {IEEE},
  owner = {miskinh},
  timestamp = {2013.12.04},
  url = {http://ieeexplore.ieee.org/xpls/abs_all.jsp?arnumber=1470055}
}

@ARTICLE{Techy2009,
  author = {Techy, Laszlo and Woolsey, Craig A},
  title = {Minimum-time path planning for unmanned aerial vehicles in steady
	uniform winds},
  journal = {Journal of guidance, control, and dynamics},
  year = {2009},
  volume = {32},
  pages = {1736--1746},
  number = {6},
  owner = {miskinh},
  timestamp = {2013.12.03},
  url = {http://arc.aiaa.org/doi/pdf/10.2514/1.44580}
}

@ARTICLE{Teixeira2008,
  author = {Teixeira, J and Stevens, B and Bretherton, CS and Cederwall, R and
	Klein, SA and Lundquist, JK and Doyle, JD and Golaz, JC and Holtslag,
	AAM and Randall, DA and others},
  title = {Parameterization of the atmospheric boundary layer: a view from just
	above the inversion},
  journal = {Bulletin of the American Meteorological Society},
  year = {2008},
  volume = {89},
  pages = {453--458},
  number = {4},
  owner = {miskinh},
  timestamp = {2013.12.03},
  url = {http://journals.ametsoc.org/doi/abs/10.1175/BAMS-89-4-453}
}

@PHDTHESIS{Weibel2005,
  author = {Weibel, Roland Everett},
  title = {Safety considerations for operation of different classes of unmanned
	aerial vehicles in the national airspace system},
  school = {Massachusetts Institute of Technology},
  year = {2005},
  owner = {miskinh},
  timestamp = {2013.12.03},
  url = {http://dspace.mit.edu/handle/1721.1/30364}
}

